<record><leader>00000cas a2200000Ka 4500</leader><controlfield tag="001">17304317</controlfield><controlfield tag="008">880104c19879999mnudr ne      0   a0eng d</controlfield><datafield ind1=" " ind2=" " tag="010"><subfield code="a">sn2002061144</subfield></datafield><datafield ind1=" " ind2=" " tag="040"><subfield code="a">MNM</subfield><subfield code="b">eng</subfield><subfield code="c">MNM</subfield><subfield code="d">MN#</subfield><subfield code="d">JED</subfield><subfield code="d">NVF</subfield><subfield code="d">OCLCQ</subfield><subfield code="d">OCLCF</subfield><subfield code="d">OCLCO</subfield><subfield code="d">GRR</subfield><subfield code="d">OCLCO</subfield><subfield code="d">OCL</subfield></datafield><datafield ind1=" " ind2=" " tag="022"><subfield code="a">0895-2825</subfield><subfield code="l">0895-2825</subfield></datafield><datafield ind1=" " ind2=" " tag="037"><subfield code="b">Star Tribune, 425 Portland Ave., Minneapolis, MN 55488</subfield></datafield><datafield ind1=" " ind2=" " tag="043"><subfield code="a">n-us-mn</subfield></datafield><datafield ind1="0" ind2=" " tag="130"><subfield code="a">Star tribune (Minneapolis, Minn. : State ed.)</subfield></datafield><datafield ind1="1" ind2="0" tag="245"><subfield code="a">Star tribune.</subfield></datafield><datafield ind1=" " ind2=" " tag="250"><subfield code="a">State ed.</subfield></datafield><datafield ind1=" " ind2=" " tag="260"><subfield code="a">Minneapolis, Minn. :</subfield><subfield code="b">Star Tribune,</subfield><subfield code="c">1987-</subfield></datafield><datafield ind1=" " ind2=" " tag="300"><subfield code="a">v.</subfield></datafield><datafield ind1=" " ind2=" " tag="310"><subfield code="a">Daily</subfield></datafield><datafield ind1="0" ind2=" " tag="362"><subfield code="a">Vol. 6, no. 149 (Aug. 31, 1987)-</subfield></datafield><datafield ind1=" " ind2=" " tag="580"><subfield code="a">Daily eds.: Star tribune (Minneapolis, Minn. : Saint Paul ed.), 1987-1999, and: Star tribune (Minneapolis, Minn. : Minneapolis ed.), 1987-1999.</subfield></datafield><datafield ind1=" " ind2="0" tag="651"><subfield code="a">Minneapolis (Minn.)</subfield><subfield code="v">Newspapers.</subfield></datafield><datafield ind1=" " ind2="7" tag="651"><subfield code="a">Minnesota</subfield><subfield code="z">Minneapolis.</subfield><subfield code="2">fast</subfield><subfield code="0">(OCoLC)fst01204260</subfield></datafield><datafield ind1=" " ind2="7" tag="655"><subfield code="a">Periodicals.</subfield><subfield code="2">fast</subfield><subfield code="0">(OCoLC)fst01411641</subfield></datafield><datafield ind1=" " ind2="7" tag="655"><subfield code="a">Newspapers.</subfield><subfield code="2">fast</subfield><subfield code="0">(OCoLC)fst01423814</subfield></datafield><datafield ind1=" " ind2="7" tag="655"><subfield code="a">Periodicals.</subfield><subfield code="2">lcgft</subfield></datafield><datafield ind1=" " ind2=" " tag="752"><subfield code="a">United States</subfield><subfield code="b">Minnesota</subfield><subfield code="c">Hennepin</subfield><subfield code="d">Minneapolis.</subfield></datafield><datafield ind1=" " ind2=" " tag="752"><subfield code="a">United States</subfield><subfield code="b">Minnesota</subfield><subfield code="c">Hennepin</subfield><subfield code="d">St. Paul.</subfield></datafield><datafield ind1="1" ind2=" " tag="775"><subfield code="a">Star tribune (Minneapolis, Minn. : Saint Paul ed.)</subfield><subfield code="w">(DLC)sn 90060397</subfield></datafield><datafield ind1="1" ind2=" " tag="775"><subfield code="a">Star tribune (Minneapolis, Minn. : Minneapolis ed.)</subfield><subfield code="w">(DLC)sn 87002577</subfield></datafield><datafield ind1="0" ind2="1" tag="780"><subfield code="t">Minneapolis star and tribune</subfield><subfield code="w">(DLC)sn 81017091</subfield><subfield code="w">(OCoLC)8336878</subfield></datafield></record>